%YAML 1.1
%TAG !u! tag:unity3d.com,2011:
--- !u!114 &11400000
MonoBehaviour:
  m_ObjectHideFlags: 0
  m_PrefabParentObject: {fileID: 0}
  m_PrefabInternal: {fileID: 0}
  m_GameObject: {fileID: 0}
  m_Enabled: 1
  m_EditorHideFlags: 0
  m_Script: {fileID: 337831424, guid: 844f815391db42d49455cbf1a7bfc434, type: 3}
  m_Name: _Camera_Timeline
  m_EditorClassIdentifier: 
  m_NextId: 6
  m_Tracks:
  - {fileID: 114778856391876590}
  - {fileID: 114466477136330300}
  - {fileID: 114073905515843634}
  m_FixedDuration: 0
  m_EditorSettings:
    m_Framerate: 60
  m_DurationMode: 0
--- !u!74 &74101151228368686
AnimationClip:
  m_ObjectHideFlags: 0
  m_PrefabParentObject: {fileID: 0}
  m_PrefabInternal: {fileID: 0}
  m_Name: Recorded
  serializedVersion: 6
  m_Legacy: 0
  m_Compressed: 0
  m_UseHighQualityCurve: 1
  m_RotationCurves: []
  m_CompressedRotationCurves: []
  m_EulerCurves: []
  m_PositionCurves: []
  m_ScaleCurves: []
  m_FloatCurves:
  - curve:
      serializedVersion: 2
      m_Curve:
      - serializedVersion: 2
        time: 37.166668
        value: 0.13533783
        inSlope: 0
        outSlope: 0
        tangentMode: 136
      - serializedVersion: 2
        time: 65.916664
        value: 3
        inSlope: 0.087799974
        outSlope: 0.087799974
        tangentMode: 136
      - serializedVersion: 2
        time: 81.183334
        value: 4
        inSlope: 0.07509385
        outSlope: 0.07509385
        tangentMode: 136
      - serializedVersion: 2
        time: 92.55
        value: 5
        inSlope: 0.09625503
        outSlope: 0.09625503
        tangentMode: 136
      - serializedVersion: 2
        time: 100.583336
        value: 5.8673477
        inSlope: 0.119161606
        outSlope: 0.119161606
        tangentMode: 0
      - serializedVersion: 2
        time: 116.683334
        value: 6.8
        inSlope: 0.018706143
        outSlope: 0.018706143
        tangentMode: 136
      - serializedVersion: 2
        time: 121.96667
        value: 6.9
        inSlope: 0.01449706
        outSlope: 0.01449706
        tangentMode: 136
      - serializedVersion: 2
        time: 132.76666
        value: 7.033161
        inSlope: 0
        outSlope: 0
        tangentMode: 136
      m_PreInfinity: 2
      m_PostInfinity: 2
      m_RotationOrder: 4
    attribute: m_PathPosition
    path: cm
    classID: 114
    script: {fileID: 11500000, guid: 418e42c7d0405cc48a7b83f63ea53bb3, type: 3}
  m_PPtrCurves: []
  m_SampleRate: 60
  m_WrapMode: 0
  m_Bounds:
    m_Center: {x: 0, y: 0, z: 0}
    m_Extent: {x: 0, y: 0, z: 0}
  m_ClipBindingConstant:
    genericBindings:
    - serializedVersion: 2
      path: 1007302526
      attribute: 2871404689
      script: {fileID: 11500000, guid: 418e42c7d0405cc48a7b83f63ea53bb3, type: 3}
      typeID: 114
      customType: 0
      isPPtrCurve: 0
    pptrCurveMapping: []
  m_AnimationClipSettings:
    serializedVersion: 2
    m_AdditiveReferencePoseClip: {fileID: 0}
    m_AdditiveReferencePoseTime: 0
    m_StartTime: 0
    m_StopTime: 132.76666
    m_OrientationOffsetY: 0
    m_Level: 0
    m_CycleOffset: 0
    m_HasAdditiveReferencePose: 0
    m_LoopTime: 0
    m_LoopBlend: 0
    m_LoopBlendOrientation: 0
    m_LoopBlendPositionY: 0
    m_LoopBlendPositionXZ: 0
    m_KeepOriginalOrientation: 0
    m_KeepOriginalPositionY: 1
    m_KeepOriginalPositionXZ: 0
    m_HeightFromFeet: 0
    m_Mirror: 0
  m_EditorCurves:
  - curve:
      serializedVersion: 2
      m_Curve:
      - serializedVersion: 2
        time: 37.166668
        value: 0.13533783
        inSlope: 0
        outSlope: 0
        tangentMode: 136
      - serializedVersion: 2
        time: 65.916664
        value: 3
        inSlope: 0.087799974
        outSlope: 0.087799974
        tangentMode: 136
      - serializedVersion: 2
        time: 81.183334
        value: 4
        inSlope: 0.07509385
        outSlope: 0.07509385
        tangentMode: 136
      - serializedVersion: 2
        time: 92.55
        value: 5
        inSlope: 0.09625503
        outSlope: 0.09625503
        tangentMode: 136
      - serializedVersion: 2
        time: 100.583336
        value: 5.8673477
        inSlope: 0.119161606
        outSlope: 0.119161606
        tangentMode: 0
      - serializedVersion: 2
        time: 116.683334
        value: 6.8
        inSlope: 0.018706143
        outSlope: 0.018706143
        tangentMode: 136
      - serializedVersion: 2
        time: 121.96667
        value: 6.9
        inSlope: 0.01449706
        outSlope: 0.01449706
        tangentMode: 136
      - serializedVersion: 2
        time: 132.76666
        value: 7.033161
        inSlope: 0
        outSlope: 0
        tangentMode: 136
      m_PreInfinity: 2
      m_PostInfinity: 2
      m_RotationOrder: 4
    attribute: m_PathPosition
    path: cm
    classID: 114
    script: {fileID: 11500000, guid: 418e42c7d0405cc48a7b83f63ea53bb3, type: 3}
  m_EulerEditorCurves: []
  m_HasGenericRootTransform: 0
  m_HasMotionFloatCurves: 0
  m_GenerateMotionCurves: 1
  m_Events: []
--- !u!74 &74947743514752078
AnimationClip:
  m_ObjectHideFlags: 0
  m_PrefabParentObject: {fileID: 0}
  m_PrefabInternal: {fileID: 0}
  m_Name: Recorded (1)
  serializedVersion: 6
  m_Legacy: 0
  m_Compressed: 0
  m_UseHighQualityCurve: 1
  m_RotationCurves: []
  m_CompressedRotationCurves: []
  m_EulerCurves: []
  m_PositionCurves:
  - curve:
      serializedVersion: 2
      m_Curve:
      - serializedVersion: 2
        time: 36.5
        value: {x: -0.020000458, y: 0, z: 0}
        inSlope: {x: 0, y: 0, z: 0}
        outSlope: {x: 0, y: 0, z: 0}
        tangentMode: 0
      - serializedVersion: 2
        time: 59.533333
        value: {x: -0.020000458, y: 0, z: 0}
        inSlope: {x: 0, y: 0, z: 0}
        outSlope: {x: 0, y: 0, z: 0}
        tangentMode: 0
      - serializedVersion: 2
        time: 65.85
        value: {x: -167.12001, y: 0, z: 78.93}
        inSlope: {x: 0, y: 0, z: 0}
        outSlope: {x: 0, y: 0, z: 0}
        tangentMode: 0
      - serializedVersion: 2
        time: 92.55
        value: {x: -157.94, y: 0.49, z: 78.93}
        inSlope: {x: 0.0015855456, y: 0, z: 0}
        outSlope: {x: 0.0015855456, y: 0, z: 0}
        tangentMode: 0
      - serializedVersion: 2
        time: 116.316666
        value: {x: -157.92, y: -1.732233, z: 78.93}
        inSlope: {x: 0, y: 0, z: 0}
        outSlope: {x: 0, y: 0, z: 0}
        tangentMode: 0
      - serializedVersion: 2
        time: 119.45
        value: {x: -157.92, y: 2.2004201, z: 78.93}
        inSlope: {x: 0, y: 2.1440818, z: 0}
        outSlope: {x: 0, y: 2.1440818, z: 0}
        tangentMode: 0
      - serializedVersion: 2
        time: 120.583336
        value: {x: -157.92, y: 4.7904415, z: 78.93}
        inSlope: {x: 0, y: 2.378619, z: 0}
        outSlope: {x: 0, y: 2.378619, z: 0}
        tangentMode: 0
      - serializedVersion: 2
        time: 122.03333
        value: {x: -157.92, y: 8.21, z: 78.93}
        inSlope: {x: 0, y: 2.2596178, z: 0}
        outSlope: {x: 0, y: 2.2596178, z: 0}
        tangentMode: 0
      - serializedVersion: 2
        time: 132.03334
        value: {x: -157.92, y: 9.71, z: 78.93}
        inSlope: {x: 0, y: 0, z: 0}
        outSlope: {x: 0, y: 0, z: 0}
        tangentMode: 0
      m_PreInfinity: 2
      m_PostInfinity: 2
      m_RotationOrder: 4
    path: 
  m_ScaleCurves: []
  m_FloatCurves: []
  m_PPtrCurves: []
  m_SampleRate: 60
  m_WrapMode: 0
  m_Bounds:
    m_Center: {x: 0, y: 0, z: 0}
    m_Extent: {x: 0, y: 0, z: 0}
  m_ClipBindingConstant:
    genericBindings:
    - serializedVersion: 2
      path: 0
      attribute: 1
      script: {fileID: 0}
      typeID: 4
      customType: 0
      isPPtrCurve: 0
    - serializedVersion: 2
      path: 0
      attribute: 0
      script: {fileID: 0}
      typeID: 95
      customType: 8
      isPPtrCurve: 0
    - serializedVersion: 2
      path: 0
      attribute: 1
      script: {fileID: 0}
      typeID: 95
      customType: 8
      isPPtrCurve: 0
    - serializedVersion: 2
      path: 0
      attribute: 2
      script: {fileID: 0}
      typeID: 95
      customType: 8
      isPPtrCurve: 0
    pptrCurveMapping: []
  m_AnimationClipSettings:
    serializedVersion: 2
    m_AdditiveReferencePoseClip: {fileID: 0}
    m_AdditiveReferencePoseTime: 0
    m_StartTime: 0
    m_StopTime: 132.03334
    m_OrientationOffsetY: 0
    m_Level: 0
    m_CycleOffset: 0
    m_HasAdditiveReferencePose: 0
    m_LoopTime: 0
    m_LoopBlend: 0
    m_LoopBlendOrientation: 0
    m_LoopBlendPositionY: 0
    m_LoopBlendPositionXZ: 0
    m_KeepOriginalOrientation: 0
    m_KeepOriginalPositionY: 1
    m_KeepOriginalPositionXZ: 0
    m_HeightFromFeet: 0
    m_Mirror: 0
  m_EditorCurves:
  - curve:
      serializedVersion: 2
      m_Curve:
      - serializedVersion: 2
        time: 36.5
        value: -0.020000458
        inSlope: 0
        outSlope: 0
        tangentMode: 136
      - serializedVersion: 2
        time: 59.533333
        value: -0.020000458
        inSlope: 0
        outSlope: 0
        tangentMode: 136
      - serializedVersion: 2
        time: 65.85
        value: -167.12001
        inSlope: 0
        outSlope: 0
        tangentMode: 136
      - serializedVersion: 2
        time: 92.55
        value: -157.94
        inSlope: 0.0015855456
        outSlope: 0.0015855456
        tangentMode: 136
      - serializedVersion: 2
        time: 116.316666
        value: -157.92
        inSlope: 0
        outSlope: 0
        tangentMode: 136
      - serializedVersion: 2
        time: 119.45
        value: -157.92
        inSlope: 0
        outSlope: 0
        tangentMode: 136
      - serializedVersion: 2
        time: 120.583336
        value: -157.92
        inSlope: 0
        outSlope: 0
        tangentMode: 136
      - serializedVersion: 2
        time: 122.03333
        value: -157.92
        inSlope: 0
        outSlope: 0
        tangentMode: 136
      - serializedVersion: 2
        time: 132.03334
        value: -157.92
        inSlope: 0
        outSlope: 0
        tangentMode: 136
      m_PreInfinity: 2
      m_PostInfinity: 2
      m_RotationOrder: 4
    attribute: m_LocalPosition.x
    path: 
    classID: 4
    script: {fileID: 0}
  - curve:
      serializedVersion: 2
      m_Curve:
      - serializedVersion: 2
        time: 36.5
        value: 0
        inSlope: 0
        outSlope: 0
        tangentMode: 136
      - serializedVersion: 2
        time: 59.533333
        value: 0
        inSlope: 0
        outSlope: 0
        tangentMode: 136
      - serializedVersion: 2
        time: 65.85
        value: 0
        inSlope: 0
        outSlope: 0
        tangentMode: 136
      - serializedVersion: 2
        time: 92.55
        value: 0.49
        inSlope: 0
        outSlope: 0
        tangentMode: 136
      - serializedVersion: 2
        time: 116.316666
        value: -1.732233
        inSlope: 0
        outSlope: 0
        tangentMode: 136
      - serializedVersion: 2
        time: 122.03333
        value: 8.21
        inSlope: 2.2596178
        outSlope: 2.2596178
        tangentMode: 0
      - serializedVersion: 2
        time: 132.03334
        value: 9.71
        inSlope: 0
        outSlope: 0
        tangentMode: 0
      m_PreInfinity: 2
      m_PostInfinity: 2
      m_RotationOrder: 4
    attribute: m_LocalPosition.y
    path: 
    classID: 4
    script: {fileID: 0}
  - curve:
      serializedVersion: 2
      m_Curve:
      - serializedVersion: 2
        time: 36.5
        value: 0
        inSlope: 0
        outSlope: 0
        tangentMode: 136
      - serializedVersion: 2
        time: 59.533333
        value: 0
        inSlope: 0
        outSlope: 0
        tangentMode: 136
      - serializedVersion: 2
        time: 65.85
        value: 78.93
        inSlope: 0
        outSlope: 0
        tangentMode: 136
      - serializedVersion: 2
        time: 92.55
        value: 78.93
        inSlope: 0
        outSlope: 0
        tangentMode: 136
      - serializedVersion: 2
        time: 116.316666
        value: 78.93
        inSlope: 0
        outSlope: 0
        tangentMode: 136
      - serializedVersion: 2
        time: 119.45
        value: 78.93
        inSlope: 0
        outSlope: 0
        tangentMode: 136
      - serializedVersion: 2
        time: 120.583336
        value: 78.93
        inSlope: 0
        outSlope: 0
        tangentMode: 136
      - serializedVersion: 2
        time: 122.03333
        value: 78.93
        inSlope: 0
        outSlope: 0
        tangentMode: 136
      - serializedVersion: 2
        time: 132.03334
        value: 78.93
        inSlope: 0
        outSlope: 0
        tangentMode: 136
      m_PreInfinity: 2
      m_PostInfinity: 2
      m_RotationOrder: 4
    attribute: m_LocalPosition.z
    path: 
    classID: 4
    script: {fileID: 0}
  m_EulerEditorCurves: []
  m_HasGenericRootTransform: 1
  m_HasMotionFloatCurves: 0
  m_GenerateMotionCurves: 1
  m_Events: []
--- !u!114 &114019086582742724
MonoBehaviour:
  m_ObjectHideFlags: 1
  m_PrefabParentObject: {fileID: 0}
  m_PrefabInternal: {fileID: 0}
  m_GameObject: {fileID: 0}
  m_Enabled: 1
  m_EditorHideFlags: 0
  m_Script: {fileID: 11500000, guid: 90fb794a295e73545af71bcdb7375791, type: 3}
  m_Name: CinemachineShot
  m_EditorClassIdentifier: 
  VirtualCamera:
    exposedName: def55ea2e7cee9b478ffccb775231a2a
    defaultValue: {fileID: 0}
--- !u!114 &114073905515843634
MonoBehaviour:
  m_ObjectHideFlags: 1
  m_PrefabParentObject: {fileID: 0}
  m_PrefabInternal: {fileID: 0}
  m_GameObject: {fileID: 0}
  m_Enabled: 1
  m_EditorHideFlags: 0
  m_Script: {fileID: 1467732076, guid: 6a10b2909283487f913b00d94cd3faf5, type: 3}
  m_Name: Animation Track1
  m_EditorClassIdentifier: 
  m_Locked: 0
  m_Muted: 0
  m_CustomPlayableFullTypename: 
  m_AnimClip: {fileID: 74947743514752078}
  m_Parent: {fileID: 11400000}
  m_Children: []
  m_Clips: []
  m_OpenClipPreExtrapolation: 1
  m_OpenClipPostExtrapolation: 1
  m_OpenClipOffsetPosition: {x: 31.02, y: -0.21, z: -38.73}
  m_OpenClipOffsetRotation: {x: 0, y: 0, z: 0, w: 1}
  m_OpenClipTimeOffset: 0
  m_MatchTargetFields: 63
  m_Position: {x: 0, y: 0, z: 0}
  m_Rotation: {x: 0, y: 0, z: 0, w: 1}
  m_ApplyOffsets: 0
  m_AvatarMask: {fileID: 0}
  m_ApplyAvatarMask: 1
--- !u!114 &114130718504379522
MonoBehaviour:
  m_ObjectHideFlags: 1
  m_PrefabParentObject: {fileID: 0}
  m_PrefabInternal: {fileID: 0}
  m_GameObject: {fileID: 0}
  m_Enabled: 1
  m_EditorHideFlags: 0
  m_Script: {fileID: 11500000, guid: 12560fd18a2f24d4dbdac7a85f70240e, type: 3}
  m_Name: Cinemachine Track
  m_EditorClassIdentifier: 
  m_Locked: 0
  m_Muted: 0
  m_Soloed: 0
  m_Height: 0
  m_ShowInlineCurves: 0
  m_InlineAnimationCurveHeight: 100
  m_CustomPlayableFullTypename: 
  m_AnimClip: {fileID: 0}
  m_Collapsed: 1
  m_Parent: {fileID: 11400000}
  m_Children: []
  m_MediaType: 3
  m_Clips:
  - m_Start: 0
    m_ClipIn: 0
    m_Asset: {fileID: 114826663218426040}
    m_UnderlyingAsset: {fileID: 114826663218426040}
    m_Duration: 1.333338770084083
    m_ParentID: 0
    m_TimeScale: 1
    m_BlendCurve:
      m_Curve: []
      m_PreInfinity: 2
      m_PostInfinity: 2
      m_RotationOrder: 4
    m_ParentTrack: {fileID: 114130718504379522}
    m_EaseInDuration: 0
    m_EaseOutDuration: 0
    m_BlendInDuration: -1
    m_BlendOutDuration: -1
    m_MixInCurve:
      m_Curve:
      - time: 0
        value: 0
        inSlope: 0
        outSlope: 0
        tangentMode: 0
      - time: 1
        value: 1
        inSlope: 0
        outSlope: 0
        tangentMode: 0
      m_PreInfinity: 2
      m_PostInfinity: 2
      m_RotationOrder: 4
    m_MixOutCurve:
      m_Curve: []
      m_PreInfinity: 2
      m_PostInfinity: 2
      m_RotationOrder: 4
    m_BlendInCurveMode: 0
    m_BlendOutCurveMode: 0
    m_ExposedParameterNames: []
    m_AnimationCurves: {fileID: 0}
    m_ID: -2263
    m_Recordable: 0
    m_NestedAsset: 0
    m_NestedOutputIndex: 0
    m_PostExtrapolationMode: 0
    m_PreExtrapolationMode: 0
    m_PostExtrapolationTime: 0
    m_PreExtrapolationTime: 0
    m_Selected: 0
    m_InlineCurvesSelected: 0
    m_DisplayName: 53686f742041
  - m_Start: 1.333338770084083
    m_ClipIn: 0
    m_Asset: {fileID: 114878493372634846}
    m_UnderlyingAsset: {fileID: 114878493372634846}
    m_Duration: 2.203490322021147
    m_ParentID: 0
    m_TimeScale: 1
    m_BlendCurve:
      m_Curve: []
      m_PreInfinity: 2
      m_PostInfinity: 2
      m_RotationOrder: 4
    m_ParentTrack: {fileID: 114130718504379522}
    m_EaseInDuration: 0
    m_EaseOutDuration: 0
    m_BlendInDuration: -1
    m_BlendOutDuration: 0.9534956812858582
    m_MixInCurve:
      m_Curve:
      - time: 0
        value: 0
        inSlope: 0
        outSlope: 0
        tangentMode: 0
      - time: 1
        value: 1
        inSlope: 0
        outSlope: 0
        tangentMode: 0
      m_PreInfinity: 2
      m_PostInfinity: 2
      m_RotationOrder: 4
    m_MixOutCurve:
      m_Curve:
      - time: 0
        value: 1
        inSlope: 0
        outSlope: 0
        tangentMode: 0
      - time: 1
        value: 0
        inSlope: 0
        outSlope: 0
        tangentMode: 0
      m_PreInfinity: 2
      m_PostInfinity: 2
      m_RotationOrder: 4
    m_BlendInCurveMode: 0
    m_BlendOutCurveMode: 0
    m_ExposedParameterNames: []
    m_AnimationCurves: {fileID: 0}
    m_ID: -2262
    m_Recordable: 0
    m_NestedAsset: 0
    m_NestedOutputIndex: 0
    m_PostExtrapolationMode: 0
    m_PreExtrapolationMode: 0
    m_PostExtrapolationTime: 0
    m_PreExtrapolationTime: 0
    m_Selected: 0
    m_InlineCurvesSelected: 0
    m_DisplayName: 53686f742042
  - m_Start: 2.5833333333333335
    m_ClipIn: 0
    m_Asset: {fileID: 114555325533436570}
    m_UnderlyingAsset: {fileID: 114555325533436570}
    m_Duration: 2.2521689608693123
    m_ParentID: 0
    m_TimeScale: 1
    m_BlendCurve:
      m_Curve: []
      m_PreInfinity: 2
      m_PostInfinity: 2
      m_RotationOrder: 4
    m_ParentTrack: {fileID: 114130718504379522}
    m_EaseInDuration: 0
    m_EaseOutDuration: 0
    m_BlendInDuration: 0.9534956812858582
    m_BlendOutDuration: -1
    m_MixInCurve:
      m_Curve:
      - time: 0
        value: 0
        inSlope: 0
        outSlope: 0
        tangentMode: 0
      - time: 1
        value: 1
        inSlope: 0
        outSlope: 0
        tangentMode: 0
      m_PreInfinity: 2
      m_PostInfinity: 2
      m_RotationOrder: 4
    m_MixOutCurve:
      m_Curve:
      - time: 0
        value: 1
        inSlope: 0
        outSlope: 0
        tangentMode: 0
      - time: 1
        value: 0
        inSlope: 0
        outSlope: 0
        tangentMode: 0
      m_PreInfinity: 2
      m_PostInfinity: 2
      m_RotationOrder: 4
    m_BlendInCurveMode: 0
    m_BlendOutCurveMode: 0
    m_ExposedParameterNames: []
    m_AnimationCurves: {fileID: 0}
    m_ID: -2261
    m_Recordable: 0
    m_NestedAsset: 0
    m_NestedOutputIndex: 0
    m_PostExtrapolationMode: 0
    m_PreExtrapolationMode: 0
    m_PostExtrapolationTime: 0
    m_PreExtrapolationTime: 0
    m_Selected: 0
    m_InlineCurvesSelected: 0
    m_DisplayName: 53686f742043
--- !u!114 &114245344800656994
MonoBehaviour:
  m_ObjectHideFlags: 1
  m_PrefabParentObject: {fileID: 0}
  m_PrefabInternal: {fileID: 0}
  m_GameObject: {fileID: 0}
  m_Enabled: 1
  m_EditorHideFlags: 0
  m_Script: {fileID: 442072544, guid: 6a10b2909283487f913b00d94cd3faf5, type: 3}
  m_Name: ActivationPlayableAsset
  m_EditorClassIdentifier: 
--- !u!114 &114297788537857742
MonoBehaviour:
  m_ObjectHideFlags: 1
  m_PrefabParentObject: {fileID: 0}
  m_PrefabInternal: {fileID: 0}
  m_GameObject: {fileID: 0}
  m_Enabled: 1
  m_EditorHideFlags: 0
  m_Script: {fileID: 11500000, guid: 90fb794a295e73545af71bcdb7375791, type: 3}
  m_Name: CinemachineShot
  m_EditorClassIdentifier: 
  VirtualCamera:
    exposedName: 21cb872311c90434ca75564c037b0b9f
    defaultValue: {fileID: 0}
--- !u!114 &114371004319771534
MonoBehaviour:
  m_ObjectHideFlags: 1
  m_PrefabParentObject: {fileID: 0}
  m_PrefabInternal: {fileID: 0}
  m_GameObject: {fileID: 0}
  m_Enabled: 1
  m_EditorHideFlags: 0
  m_Script: {fileID: 1467732076, guid: 6a10b2909283487f913b00d94cd3faf5, type: 3}
  m_Name: Animation Track1
  m_EditorClassIdentifier: 
  m_Locked: 0
  m_Muted: 0
  m_CustomPlayableFullTypename: 
  m_AnimClip: {fileID: 0}
  m_Parent: {fileID: 11400000}
  m_Children: []
  m_Clips: []
  m_OpenClipPreExtrapolation: 0
  m_OpenClipPostExtrapolation: 0
  m_OpenClipOffsetPosition: {x: 0, y: 0, z: 0}
  m_OpenClipOffsetRotation: {x: 0, y: 0, z: 0, w: 1}
  m_OpenClipTimeOffset: 0
  m_MatchTargetFields: 63
  m_Position: {x: 0, y: 0, z: 0}
  m_Rotation: {x: 0, y: 0, z: 0, w: 1}
  m_ApplyOffsets: 0
  m_AvatarMask: {fileID: 0}
  m_ApplyAvatarMask: 1
--- !u!114 &114466477136330300
MonoBehaviour:
  m_ObjectHideFlags: 1
  m_PrefabParentObject: {fileID: 0}
  m_PrefabInternal: {fileID: 0}
  m_GameObject: {fileID: 0}
  m_Enabled: 1
  m_EditorHideFlags: 0
  m_Script: {fileID: 1467732076, guid: 6a10b2909283487f913b00d94cd3faf5, type: 3}
  m_Name: Animation Track
  m_EditorClassIdentifier: 
  m_Locked: 0
  m_Muted: 0
  m_CustomPlayableFullTypename: 
  m_AnimClip: {fileID: 74101151228368686}
  m_Parent: {fileID: 11400000}
  m_Children: []
  m_Clips: []
  m_OpenClipPreExtrapolation: 1
  m_OpenClipPostExtrapolation: 1
  m_OpenClipOffsetPosition: {x: 0, y: 0, z: 0}
  m_OpenClipOffsetRotation: {x: 0, y: 0, z: 0, w: 1}
  m_OpenClipTimeOffset: 0
  m_MatchTargetFields: 63
  m_Position: {x: 0, y: 0, z: 0}
  m_Rotation: {x: 0, y: 0, z: 0, w: 1}
  m_ApplyOffsets: 0
  m_AvatarMask: {fileID: 0}
  m_ApplyAvatarMask: 1
--- !u!114 &114555325533436570
MonoBehaviour:
  m_ObjectHideFlags: 1
  m_PrefabParentObject: {fileID: 0}
  m_PrefabInternal: {fileID: 0}
  m_GameObject: {fileID: 0}
  m_Enabled: 1
  m_EditorHideFlags: 0
  m_Script: {fileID: 11500000, guid: f1a0f27fda49ed840bd0bddb7db48e78, type: 3}
  m_Name: CinemachineShot
  m_EditorClassIdentifier: 
  VirtualCamera:
    exposedName: 3661643130303933653135653734636432393732396662623236666430363632
    defaultValue: {fileID: 0}
  ParentTrack: {fileID: 0}
--- !u!114 &114570227517936884
MonoBehaviour:
  m_ObjectHideFlags: 1
  m_PrefabParentObject: {fileID: 0}
  m_PrefabInternal: {fileID: 0}
  m_GameObject: {fileID: 0}
  m_Enabled: 1
  m_EditorHideFlags: 0
  m_Script: {fileID: 46519060, guid: 6a10b2909283487f913b00d94cd3faf5, type: 3}
  m_Name: Activation Track
  m_EditorClassIdentifier: 
  m_Locked: 0
  m_Muted: 0
  m_CustomPlayableFullTypename: 
  m_AnimClip: {fileID: 0}
  m_Parent: {fileID: 11400000}
  m_Children: []
  m_Clips: []
  m_PostPlaybackState: 3
--- !u!114 &114592242794146524
MonoBehaviour:
  m_ObjectHideFlags: 1
  m_PrefabParentObject: {fileID: 0}
  m_PrefabInternal: {fileID: 0}
  m_GameObject: {fileID: 0}
  m_Enabled: 1
  m_EditorHideFlags: 0
  m_Script: {fileID: 11500000, guid: 90fb794a295e73545af71bcdb7375791, type: 3}
  m_Name: CinemachineShot
  m_EditorClassIdentifier: 
  VirtualCamera:
    exposedName: a00e445d28241c04880443e8394df726
    defaultValue: {fileID: 0}
--- !u!114 &114778856391876590
MonoBehaviour:
  m_ObjectHideFlags: 1
  m_PrefabParentObject: {fileID: 0}
  m_PrefabInternal: {fileID: 0}
  m_GameObject: {fileID: 0}
  m_Enabled: 1
  m_EditorHideFlags: 0
  m_Script: {fileID: 11500000, guid: 05acc715f855ced458d76ee6f8ac6c61, type: 3}
  m_Name: Cinemachine Track
  m_EditorClassIdentifier: 
  m_Locked: 0
  m_Muted: 0
  m_CustomPlayableFullTypename: 
  m_AnimClip: {fileID: 0}
  m_Parent: {fileID: 11400000}
  m_Children: []
  m_Clips:
  - m_Start: 0
    m_ClipIn: 0
    m_Asset: {fileID: 114297788537857742}
    m_Duration: 15
    m_TimeScale: 1
    m_ParentTrack: {fileID: 114778856391876590}
    m_EaseInDuration: 0
    m_EaseOutDuration: 0
    m_BlendInDuration: -1
    m_BlendOutDuration: 15
    m_MixInCurve:
      serializedVersion: 2
      m_Curve:
      - serializedVersion: 2
        time: 0
        value: 0
        inSlope: 0
        outSlope: 0
        tangentMode: 0
      - serializedVersion: 2
        time: 1
        value: 1
        inSlope: 0
        outSlope: 0
        tangentMode: 0
      m_PreInfinity: 2
      m_PostInfinity: 2
      m_RotationOrder: 4
    m_MixOutCurve:
      serializedVersion: 2
      m_Curve:
      - serializedVersion: 2
        time: 0
        value: 1
        inSlope: 0
        outSlope: 0
        tangentMode: 0
      - serializedVersion: 2
        time: 1
        value: 0
        inSlope: 0
        outSlope: 0
        tangentMode: 0
      m_PreInfinity: 2
      m_PostInfinity: 2
      m_RotationOrder: 4
    m_BlendInCurveMode: 0
    m_BlendOutCurveMode: 0
    m_ExposedParameterNames: []
    m_AnimationCurves: {fileID: 0}
    m_Recordable: 0
    m_PostExtrapolationMode: 0
    m_PreExtrapolationMode: 0
    m_PostExtrapolationTime: 0
    m_PreExtrapolationTime: 0
    m_DisplayName: Cam_1
    m_Version: 1
  - m_Start: 0
    m_ClipIn: 0
    m_Asset: {fileID: 114019086582742724}
    m_Duration: 15.1
    m_TimeScale: 1
    m_ParentTrack: {fileID: 114778856391876590}
    m_EaseInDuration: 0
    m_EaseOutDuration: 0
    m_BlendInDuration: 15
    m_BlendOutDuration: -1
    m_MixInCurve:
      serializedVersion: 2
      m_Curve:
      - serializedVersion: 2
        time: 0
        value: 0
        inSlope: 0
        outSlope: 0
        tangentMode: 0
      - serializedVersion: 2
        time: 1
        value: 1
        inSlope: 0
        outSlope: 0
        tangentMode: 0
      m_PreInfinity: 2
      m_PostInfinity: 2
      m_RotationOrder: 4
    m_MixOutCurve:
      serializedVersion: 2
      m_Curve: []
      m_PreInfinity: 2
      m_PostInfinity: 2
      m_RotationOrder: 4
    m_BlendInCurveMode: 0
    m_BlendOutCurveMode: 0
    m_ExposedParameterNames: []
    m_AnimationCurves: {fileID: 0}
    m_Recordable: 0
    m_PostExtrapolationMode: 0
    m_PreExtrapolationMode: 0
    m_PostExtrapolationTime: 0
    m_PreExtrapolationTime: 0
    m_DisplayName: Cam_2
    m_Version: 1
  - m_Start: 15.1
    m_ClipIn: 0
    m_Asset: {fileID: 114592242794146524}
    m_Duration: 22.28333333333333
    m_TimeScale: 1
    m_ParentTrack: {fileID: 114778856391876590}
    m_EaseInDuration: 0
    m_EaseOutDuration: 0
    m_BlendInDuration: -1
    m_BlendOutDuration: 16.616666666666667
    m_MixInCurve:
      serializedVersion: 2
      m_Curve:
      - serializedVersion: 2
        time: 0
        value: 0
        inSlope: 0
        outSlope: 0
        tangentMode: 0
      - serializedVersion: 2
        time: 1
        value: 1
        inSlope: 0
        outSlope: 0
        tangentMode: 0
      m_PreInfinity: 2
      m_PostInfinity: 2
      m_RotationOrder: 4
    m_MixOutCurve:
      serializedVersion: 2
      m_Curve:
      - serializedVersion: 2
        time: 0
        value: 1
        inSlope: -0
        outSlope: -0
        tangentMode: 0
      - serializedVersion: 2
        time: 0.68009835
        value: 0.68666303
        inSlope: -0.849135
        outSlope: -0.849135
        tangentMode: 0
      - serializedVersion: 2
        time: 1
        value: 0
        inSlope: -2
        outSlope: -2
        tangentMode: 0
      m_PreInfinity: 2
      m_PostInfinity: 2
      m_RotationOrder: 4
    m_BlendInCurveMode: 0
    m_BlendOutCurveMode: 0
    m_ExposedParameterNames: []
    m_AnimationCurves: {fileID: 0}
    m_Recordable: 0
    m_PostExtrapolationMode: 0
    m_PreExtrapolationMode: 0
    m_PostExtrapolationTime: 0
    m_PreExtrapolationTime: 0
    m_DisplayName: Cam_3
    m_Version: 1
  - m_Start: 20.766666666666666
    m_ClipIn: 0
    m_Asset: {fileID: 114818264329479322}
    m_Duration: 16.616666666666667
    m_TimeScale: 1
    m_ParentTrack: {fileID: 114778856391876590}
    m_EaseInDuration: 0
    m_EaseOutDuration: 0
    m_BlendInDuration: 16.616666666666667
    m_BlendOutDuration: -1
    m_MixInCurve:
      serializedVersion: 2
      m_Curve:
      - serializedVersion: 2
        time: 0
        value: 0
        inSlope: 0
        outSlope: 0
        tangentMode: 0
      - serializedVersion: 2
        time: 0.68009835
        value: 0.31333697
        inSlope: 0.849135
        outSlope: 0.849135
        tangentMode: 0
      - serializedVersion: 2
        time: 1
        value: 1
        inSlope: 2
        outSlope: 2
        tangentMode: 0
      m_PreInfinity: 2
      m_PostInfinity: 2
      m_RotationOrder: 0
    m_MixOutCurve:
      serializedVersion: 2
      m_Curve:
      - serializedVersion: 2
        time: 0
        value: 1
        inSlope: 0
        outSlope: 0
        tangentMode: 0
      - serializedVersion: 2
        time: 0.58758235
        value: 0.52215403
        inSlope: -3.077357
        outSlope: -3.077357
        tangentMode: 0
      - serializedVersion: 2
        time: 1
        value: 0
        inSlope: 0
        outSlope: 0
        tangentMode: 0
      m_PreInfinity: 2
      m_PostInfinity: 2
      m_RotationOrder: 0
    m_BlendInCurveMode: 1
    m_BlendOutCurveMode: 0
    m_ExposedParameterNames: []
    m_AnimationCurves: {fileID: 0}
    m_Recordable: 0
    m_PostExtrapolationMode: 0
    m_PreExtrapolationMode: 0
    m_PostExtrapolationTime: 0
    m_PreExtrapolationTime: 0
    m_DisplayName: Cam_4
    m_Version: 1
  - m_Start: 37.38333333333333
    m_ClipIn: 0
    m_Asset: {fileID: 114819977368858168}
    m_Duration: 113.76666666666668
    m_TimeScale: 1
    m_ParentTrack: {fileID: 114778856391876590}
    m_EaseInDuration: 0
    m_EaseOutDuration: 0
    m_BlendInDuration: -1
    m_BlendOutDuration: -1
    m_MixInCurve:
      serializedVersion: 2
      m_Curve:
      - serializedVersion: 2
        time: 0
        value: 0
        inSlope: 0
        outSlope: 0
        tangentMode: 0
      - serializedVersion: 2
        time: 1
        value: 1
        inSlope: 0
        outSlope: 0
        tangentMode: 0
      m_PreInfinity: 2
      m_PostInfinity: 2
      m_RotationOrder: 4
    m_MixOutCurve:
      serializedVersion: 2
      m_Curve:
      - serializedVersion: 2
        time: 0
        value: 1
        inSlope: 0
        outSlope: 0
        tangentMode: 0
      - serializedVersion: 2
        time: 1
        value: 0
        inSlope: 0
        outSlope: 0
        tangentMode: 0
      m_PreInfinity: 2
      m_PostInfinity: 2
      m_RotationOrder: 4
    m_BlendInCurveMode: 0
    m_BlendOutCurveMode: 0
    m_ExposedParameterNames: []
    m_AnimationCurves: {fileID: 0}
    m_Recordable: 0
    m_PostExtrapolationMode: 0
    m_PreExtrapolationMode: 0
    m_PostExtrapolationTime: 0
    m_PreExtrapolationTime: 0
    m_DisplayName: Cam_5
    m_Version: 1
--- !u!114 &114818264329479322
MonoBehaviour:
  m_ObjectHideFlags: 1
  m_PrefabParentObject: {fileID: 0}
  m_PrefabInternal: {fileID: 0}
  m_GameObject: {fileID: 0}
  m_Enabled: 1
  m_EditorHideFlags: 0
  m_Script: {fileID: 11500000, guid: 90fb794a295e73545af71bcdb7375791, type: 3}
  m_Name: CinemachineShot
  m_EditorClassIdentifier: 
  VirtualCamera:
    exposedName: e24a8d671591caf44b23bcd6116c0634
    defaultValue: {fileID: 0}
--- !u!114 &114819977368858168
MonoBehaviour:
  m_ObjectHideFlags: 1
  m_PrefabParentObject: {fileID: 0}
  m_PrefabInternal: {fileID: 0}
  m_GameObject: {fileID: 0}
  m_Enabled: 1
  m_EditorHideFlags: 0
  m_Script: {fileID: 11500000, guid: 90fb794a295e73545af71bcdb7375791, type: 3}
  m_Name: CinemachineShot
  m_EditorClassIdentifier: 
  VirtualCamera:
    exposedName: d8557cb3b96802740a7f96bf45ddba64
    defaultValue: {fileID: 0}
--- !u!114 &114826663218426040
MonoBehaviour:
  m_ObjectHideFlags: 1
  m_PrefabParentObject: {fileID: 0}
  m_PrefabInternal: {fileID: 0}
  m_GameObject: {fileID: 0}
  m_Enabled: 1
  m_EditorHideFlags: 0
  m_Script: {fileID: 11500000, guid: f1a0f27fda49ed840bd0bddb7db48e78, type: 3}
  m_Name: CinemachineShot
  m_EditorClassIdentifier: 
  VirtualCamera:
    exposedName: 6664373263623566633634313134363738623561383434386532633731303463
    defaultValue: {fileID: 0}
  ParentTrack: {fileID: 0}
--- !u!114 &114878493372634846
MonoBehaviour:
  m_ObjectHideFlags: 1
  m_PrefabParentObject: {fileID: 0}
  m_PrefabInternal: {fileID: 0}
  m_GameObject: {fileID: 0}
  m_Enabled: 1
  m_EditorHideFlags: 0
  m_Script: {fileID: 11500000, guid: f1a0f27fda49ed840bd0bddb7db48e78, type: 3}
  m_Name: CinemachineShot
  m_EditorClassIdentifier: 
  VirtualCamera:
    exposedName: 3137623932353166643461343034613361393535383532313163353262343732
    defaultValue: {fileID: 0}
  ParentTrack: {fileID: 0}
